<?xml version="1.0" encoding="UTF-8" ?><marc:collection xmlns:marc="http://www.loc.gov/MARC21/slim" xmlns:xsi="http://www.w3.org/2001/XMLSchema-instance" xsi:schemaLocation="http://www.loc.gov/MARC21/slim http://www.loc.gov/standards/marcxml/schema/MARC21slim.xsd">
<marc:record><marc:leader>02661nam a2200289Ia 4500</marc:leader>
<marc:controlfield tag="005">20190712093100.0</marc:controlfield>
<marc:controlfield tag="008">190422s2018    bl            000 0 por d</marc:controlfield><marc:datafield tag="024" ind1="7" ind2=" "><marc:subfield code="a">10.1590/1806-93472018v38n78-05</marc:subfield><marc:subfield code="2">DOI</marc:subfield></marc:datafield><marc:datafield tag="040" ind1=" " ind2=" "><marc:subfield code="a">USP/SIBI</marc:subfield></marc:datafield><marc:datafield tag="041" ind1="0" ind2=" "><marc:subfield code="a">por</marc:subfield></marc:datafield><marc:datafield tag="044" ind1=" " ind2=" "><marc:subfield code="a">bl</marc:subfield></marc:datafield><marc:datafield tag="100" ind1="1" ind2=" "><marc:subfield code="a">Iumantti, Paulo Teixeira</marc:subfield></marc:datafield><marc:datafield tag="245" ind1="1" ind2="0"><marc:subfield code="a">Arquivos pessoais e a escrita da história no Brasil</marc:subfield><marc:subfield code="b">um balanço crítico</marc:subfield></marc:datafield><marc:datafield tag="260" ind1=" " ind2=" "><marc:subfield code="a">São Paulo</marc:subfield><marc:subfield code="b">Associação Nacional de História - ANPUH</marc:subfield><marc:subfield code="c">2018</marc:subfield></marc:datafield><marc:datafield tag="300" ind1=" " ind2=" "><marc:subfield code="a">p.</marc:subfield></marc:datafield><marc:datafield tag="500" ind1=" " ind2=" "><marc:subfield code="a">Disponível em: &lt;http://dx.doi.org/10.1590/1806-93472018v38n78-05&gt; Acesso em 22 abr.2019</marc:subfield></marc:datafield><marc:datafield tag="510" ind1="0" ind2=" "><marc:subfield code="a">Indexado no: Science Citation Index Expanded (ISI Web of Knowledge)</marc:subfield></marc:datafield><marc:datafield tag="510" ind1="0" ind2=" "><marc:subfield code="a">Indexado no: Redalyc</marc:subfield></marc:datafield><marc:datafield tag="510" ind1="0" ind2=" "><marc:subfield code="a">Indexado no: Directory of Open Access Journals (DOAJ)</marc:subfield></marc:datafield><marc:datafield tag="510" ind1="0" ind2=" "><marc:subfield code="a">Indexado no: Scopus Elsevier</marc:subfield></marc:datafield><marc:datafield tag="520" ind1=" " ind2=" "><marc:subfield code="a">Considerando o crescente interesse por documentos de arquivos pessoais no mundo atual, procuramos, neste artigo, apresentar um balanço do modo como esses documentos têm sido utilizados, no Brasil, em um campo particularmente aberto para reflexões de cunho teórico e epistemológico: o da história da historiografia - ao qual somamos o da história intelectual e congêneres. Com isso, pretendemos mostrar, a um público mais amplo, resultados teóricos e reflexões que podem ser aproveitados tanto por especialistas como por pesquisadores pouco afeitos a essas áreas, mas que se beneficiam de seus resultados teóricos ao procurarem utilizar documentos de arquivos pessoais em suas pesquisas - tendência crescente à medida que se consolidam e aumentam as instituições de guarda e seus repertórios documentais, no Brasil e no mundo. Inversamente, pretendemos também, ao fazer tal balanço, abrir os campos específicos da história da historiografia e da história intelectual para as reflexões que se fazem em outras áreas, como a teoria literária, com base em documentos de arquivos pessoais. O objetivo é aprofundar o diálogo interdisciplinar e contribuir para um uso mais crítico das fontes em obras de história intelectual e biografias, de forma geral</marc:subfield></marc:datafield><marc:datafield tag="650" ind1=" " ind2="7"><marc:subfield code="a">HISTORIOGRAFIA</marc:subfield><marc:subfield code="x">HISTÓRIA</marc:subfield><marc:subfield code="2">larpcal</marc:subfield></marc:datafield><marc:datafield tag="650" ind1=" " ind2="7"><marc:subfield code="a">MEMÓRIA</marc:subfield><marc:subfield code="2">larpcal</marc:subfield></marc:datafield><marc:datafield tag="773" ind1="0" ind2=" "><marc:subfield code="t">Revista Brasileira de História</marc:subfield><marc:subfield code="d">São Paulo</marc:subfield><marc:subfield code="h">v.38,n.78,online, 2018</marc:subfield><marc:subfield code="x">0102-0188</marc:subfield></marc:datafield><marc:datafield tag="856" ind1="4" ind2="1"><marc:subfield code="z">&quot;Clicar&quot; sobre o botão para acesso ao texto online</marc:subfield><marc:subfield code="u">http://dx.doi.org/10.1590/1806-93472018v38n78-05</marc:subfield><marc:subfield code="3">Base Scielo</marc:subfield></marc:datafield><marc:datafield tag="945" ind1=" " ind2=" "><marc:subfield code="a">P</marc:subfield><marc:subfield code="b">ARTIGO DE PERIODICO-RESENHA</marc:subfield><marc:subfield code="c">03</marc:subfield><marc:subfield code="j">2018</marc:subfield><marc:subfield code="l">NACIONAL</marc:subfield></marc:datafield><marc:datafield tag="946" ind1=" " ind2=" "><marc:subfield code="a">IUMATTI, PAULO TEIXEIRA</marc:subfield><marc:subfield code="b">1480798</marc:subfield><marc:subfield code="e">IEB</marc:subfield><marc:subfield code="f">INSTITUTO DE ESTUDOS BRASILEIROS</marc:subfield><marc:subfield code="g">IEB</marc:subfield><marc:subfield code="h">DIRETORIA INSTITUTO DE ESTUDOS BRASILEIROS</marc:subfield><marc:subfield code="i">RDIDP</marc:subfield><marc:subfield code="j">DOCENTE</marc:subfield><marc:subfield code="k">PROFESSOR ASSOCIADO</marc:subfield><marc:subfield code="l">80</marc:subfield><marc:subfield code="m">20101018</marc:subfield><marc:subfield code="n">20501231</marc:subfield></marc:datafield></marc:record>
</marc:collection>
